@article{García Jiménez_2014, title={Música, lenguaje universal}, url={https://revistaselectronicas.ujaen.es/index.php/rae/article/view/2012}, abstractNote={&amp;lt;p&amp;gt;Los posicionamientos críticos del llamado paradigma científico de la modernidad surgen,&amp;amp;nbsp;en buena medida, amparados en nuevas lecturas de la Historia, entre las que una revisión&amp;lt;br&amp;gt;de las consecuencias de la Colonización y de la percepción que desde disciplinas como la&amp;amp;nbsp;antropología o la historia de las mentalidades se ha tenido de ‘los otros’, exóticos y lejanos,&amp;lt;br&amp;gt;ocupan un lugar importante. Ese posicionamiento crítico es coincidente con varios fenómenos,&amp;amp;nbsp;a veces contradictorios entre sí: el filantropismo de las organizaciones actuantes en países del&amp;amp;nbsp;tercer mundo; la indolencia de los gobiernos e instituciones del mundo occidental; la cada vez&amp;amp;nbsp;mayor aceptación de la manifestaciones expresivas y culturales llegadas de allí; la tensión&amp;amp;nbsp;entre formas del capitalismo y la necesidad de un equilibrio de los recursos...&amp;lt;/p&amp;gt;}, number={8}, journal={Antropología Experimental}, author={García Jiménez, Modesto}, year={2014}, month={nov.} }